<?xml version="1.0" encoding="UTF-8"?><collection xmlns="http://www.loc.gov/MARC21/slim"><record><leader>00664nam--2200193-i-4500</leader><controlfield tag="001">000014143</controlfield><controlfield tag="002">20161230</controlfield><controlfield tag="005">20161230201030</controlfield><controlfield tag="008">060222s1000------------r-----000-0-eng-d</controlfield><datafield ind1=" " ind2=" " tag="020"><subfield code="a">0444863095</subfield></datafield><datafield ind1=" " ind2=" " tag="040"><subfield code="a">IFIN-HH</subfield></datafield><datafield ind1=" " ind2=" " tag="080"><subfield code="a">532.5(047.3)</subfield></datafield><datafield ind1="1" ind2=" " tag="100"><subfield code="a">Brulin, O</subfield></datafield><datafield ind1="1" ind2="0" tag="245"><subfield code="a">Continuum models of discrete systems 4</subfield><subfield code="b">Proceedings of the fourth international conference on continuum models of discrete systems stockholm, sweden, june 29-jult 3, 1981</subfield><subfield code="c">O. brulin, r.k.t. hsieh (eds.)</subfield></datafield><datafield ind1=" " ind2=" " tag="260"><subfield code="a">Amsterdam</subfield><subfield code="b">North-holland Publishing Company</subfield><subfield code="c">1981</subfield></datafield><datafield ind1=" " ind2=" " tag="300"><subfield code="a">XVI + 517 P</subfield></datafield><datafield ind1="1" ind2=" " tag="700"><subfield code="a">Hsieh, R.K.T</subfield></datafield><datafield ind1=" " ind2=" " tag="852"><subfield code="a">70137</subfield><subfield code="c">539.2</subfield></datafield><datafield ind1=" " ind2=" " tag="CAT"><subfield code="a">Sys</subfield><subfield code="c">20121105</subfield><subfield code="h">115729</subfield></datafield></record></collection>